@article{andrade:2018:isotropy,
    author        = {Andrade, U. and Bengaly, C. A. P. and Alcaniz, J. S. and Santos, B.},
    title         = {Isotropy of low redshift type {I}a supernovae: A {B}ayesian analysis},
    journal       = {\prd},
    volume        = {97},
    number        = {8},
    pages         = {083518},
    year          = {2018},
    publisher     = {\APS},
    doi           = {10.1103/PhysRevD.97.083518},
    eprint        = {1711.10536},
    archivePrefix = {arXiv},
    primaryClass  = {astro-ph.CO},
    SLACcitation  = {%%CITATION = ARXIV:1711.10536;%%},
}

@article{andrade:2018:model,
    author        = {Andrade, Uendert and Bengaly, Carlos A. P. and Santos, Beethoven and Alcaniz, Jailson S.},
    title         = {A model-independent test of cosmic isotropy with low-z {P}antheon supernovae},
    journal       = {\apj},
    volume        = {865},
    number        = {2},
    pages         = {119},
    year          = {2018},
    publisher     = {\IOP},
    doi           = {10.3847/1538-4357/aadb90},
    eprint        = {1806.06990},
    archivePrefix = {arXiv},
}

@article{barboza:2012:scalar,
    author        = {Barboza, E. M. and Santos, B. and Costa, F. E. M. and Alcaniz, J. S.},
    title         = {Scalar field description of a parametric model of dark energy},
    journal       = {\prd},
    volume        = {85},
    year          = {2012},
    pages         = {107304},
    doi           = {10.1103/PhysRevD.85.107304},
    eprint        = {1107.2628},
    archivePrefix = {arXiv},
    primaryClass  = {astro-ph.CO},
    SLACcitation  = {%%CITATION = ARXIV:1107.2628;%%},
}

@article{campista:2011:cosmological,
    author        = {Campista, M. and Santos, B. and Santos, J. and Alcaniz, J. S.},
    title         = {Cosmological consequences of exponential gravity in {P}alatini formalism},
    journal       = {\plb},
    volume        = {699},
    year          = {2011},
    pages         = {320},
    doi           = {10.1016/j.physletb.2011.04.032},
    eprint        = {1012.3943},
    archivePrefix = {arXiv},
    primaryClass  = {astro-ph.CO},
    SLACcitation  = {%%CITATION = ARXIV:1012.3943;%%},
}

% No e-print
@article{canabarro:2010:interplay,
    author        = {A. A. Canabarro and B. Santos and Iram Gleria and M. L. Lyra and A. S. B. Sombra},
    title         = {Interplay of {XPM} and nonlinear response time in the modulational instability of copropagating optical pulses},
    journal       = {\josab},
    volume        = {27},
    year          = {2010},
    pages         = {1878},
    publisher     = {OSA},
    doi           = {10.1364/JOSAB.27.001878},
    url           = {http://josab.osa.org/abstract.cfm?URI=josab-27-9-1878},
    keywords      = {Instabilities and chaos; Raman effect; Nonlinear wave mixing},
}

% No e-print
@article{canabarro:2016:modulation,
    author        = {Canabarro, Askery and Santos, B. and de Lima Bernardo, B. and Moura, André L. and Soares, W. C. and de Lima, E. and Gléria, Iram and Lyra, M. L.},
    title         = {Modulation instability in noninstantaneous {K}err media with walk-off and cross-phase modulation for mixed group-velocity-dispersion regimes},
    journal       = {\pra},
    volume        = {93},
    number        = {2},
    pages         = {023834},
    year          = {2016},
    publisher     = {\APS},
    doi           = {10.1103/PhysRevA.93.023834},
    url           = {https://link.aps.org/doi/10.1103/PhysRevA.93.023834}
}

% E-print only
@article{canabarro:2017:modulation,
    author        = {Canabarro, A. and Santos, B. and de Lima Bernardo, B.},
    title         = {Modulation instability in noninstantaneous {K}err media with walk-off effects and cross-phase modulation for two copropagating beams experiencing anomalous {GVD} regime},
    year          = {2017},
    eprint        = {1711.02185},
    archivePrefix = {arXiv},
    primaryClass  = {physics.optics},
    keywords      = {Physics - Optics},
    adsurl        = {http://adsabs.harvard.edu/abs/2017arXiv171102185C},
    adsnote       = {Provided by the SAO/NASA Astrophysics Data System"}
}

% No e-print
@article{canabarro:2019:cross,
    author        = {Canabarro, Askery and Santos, Beethoven and de Lima Bernardo, Bertulio},
    title         = {Cross-phase modulation instability under delayed response and walk-off effects in the anomalous regime of dispersion},
    journal       = {\epjd},
    volume        = {73},
    number        = {5},
    pages         = {100},
    year          = {2019},
    publisher     = {Springer Berlin Heidelberg},
    doi           = {10.1140/epjd/e2019-90687-9},
    adsurl        = {https://ui.adsabs.harvard.edu/abs/2019EPJD...73..100C},
    adsnote       = {Provided by the SAO/NASA Astrophysics Data System}
}

@article{cid:2019:bayesian,
    author        = {Cid, Antonella and Santos, Beethoven and Pigozzo, Cassio and Ferreira, Tassia and Alcaniz, Jailson},
    title         = {Bayesian comparison of interacting scenarios},
    journal       = {\jcap},
    volume        = {2019},
    number        = {03},
    pages         = {030},
    year          = {2019},
    publisher     = {\IOP},
    doi           = {10.1088/1475-7516/2019/03/030},
    eprint        = {1805.02107},
    archivePrefix = {arXiv},
}

@article{coley:2019:data,
    author        = {Coley, Alan A. and Santos, Beethoven and Sanghai, Viraj A. A.},
    title         = {Data analysis and phenomenological cosmology},
    journal       = {\jcap},
    volume        = {2019},
    number        = {05},
    pages         = {039},
    year          = {2019},
    publisher     = {\IOP},
    doi           = {10.1088/1475-7516/2019/05/039},
    eprint        = {1808.07145},
    archivePrefix = {arXiv},
}

% No e-print
@article{demoura:2012:dynamics,
    author        = {F. A. B. F. de Moura and R. A. Caetano and B. Santos},
    title         = {Dynamics of one electron in a nonlinear disordered chain},
    journal       = {\jpcm},
    volume        = {24},
    year          = {2012},
    pages         = {245401},
    doi           = {10.1088/0953-8984/24/24/245401},
    url           = {http://stacks.\ioporg/0953-8984/24/i=24/a=245401},
}

% No e-print
@article{santos:2006:diffusive,
    author        = {B. Santos and L. P. Viana and M. L. Lyra and F. A. B. F. de Moura},
    title         = {Diffusive, super-diffusive and ballistic transport in the long-range correlated 1{D} {A}nderson model},
    journal       = {\ssc},
    volume        = {138},
    year          = {2006},
    pages         = {585},
    doi           = {https://doi.org/10.1016/j.ssc.2006.04.007},
    issn          = {0038-1098},
    url           = {http://www.sciencedirect.com/science/article/pii/S0038109806003176},
    keywords      = {D. Anderson model, D. Long-range correlated disorder, D. Delocalization, D. Electronic transport},
}

@article{santos:2011:current,
    author        = {Santos, B. and Carvalho, J. C. and Alcaniz, J. S.},
    title         = {Current constraints on the epoch of cosmic acceleration},
    journal       = {\aap},
    volume        = {35},
    year          = {2011},
    pages         = {17},
    doi           = {10.1016/j.astropartphys.2011.04.002},
    eprint        = {1009.2733},
    archivePrefix = {arXiv},
    primaryClass  = {astro-ph.CO},
    SLACcitation  = {%%CITATION = ARXIV:1009.2733;%%},
}

@article{santos:2012:cosmology,
    author        = {Santos, B. and Campista, M. and Santos, J. and Alcaniz, J. S.},
    title         = {Cosmology with {H}u-{S}awicki gravity in {P}alatini formalism},
    journal       = {\aap},
    volume        = {548},
    year          = {2012},
    pages         = {A31},
    doi           = {10.1051/0004-6361/201220278},
    eprint        = {1207.2478},
    archivePrefix = {arXiv},
    primaryClass  = {astro-ph.CO},
    SLACcitation  = {%%CITATION = ARXIV:1207.2478;%%},
}

@article{santos:2017:bayesian,
    author        = {Santos, B. and Devi, N. Chandrachani and Alcaniz, J. S.},
    title         = {Bayesian comparison of nonstandard cosmologies using type Ia supernovae and BAO data},
    journal       = {\prd},
    volume        = {95},
    year          = {2017},
    pages         = {123514},
    doi           = {10.1103/PhysRevD.95.123514},
    eprint        = {1603.06563},
    archivePrefix = {arXiv},
    primaryClass  = {astro-ph.CO},
    SLACcitation  = {%%CITATION = ARXIV:1603.06563;%%},
}

@article{santos:2017:testing,
    author        = {Santos, B. and Coley, A. A. and Devi, N. Chandrachani and Alcaniz, J. S.},
    title         = {Testing averaged cosmology with type {I}a supernovae and {BAO} data},
    journal       = {\jcap},
    volume        = {1702},
    year          = {2017},
    pages         = {047},
    doi           = {10.1088/1475-7516/2017/02/047},
    eprint        = {1611.01885},
    archivePrefix = {arXiv},
    primaryClass  = {astro-ph.CO},
    SLACcitation  = {%%CITATION = ARXIV:1611.01885;%%},
}
